
@article{lanzi2011,
	title = {Capabilities and social cohesion},
	author = {Lanzi, Diego},
	year = {2011},
	month = {09},
	date = {2011-09-14},
	journal = {Cambridge Journal of Economics},
	pages = {1087--1101},
	volume = {35},
	number = {6},
	doi = {10.1093/cje/ber015},
	url = {http://dx.doi.org/10.1093/CJE/BER015},
	langid = {en}
}

@article{quinn2020,
	title = {Community Resilience and Well-Being: An Exploration of Relationality and Belonging after Disasters},
	author = {Quinn, Tara and Adger, W. Neil and Butler, Catherine and Walker-Springett, Kate},
	year = {2020},
	month = {08},
	date = {2020-08-24},
	journal = {Annals of the American Association of Geographers},
	pages = {577--590},
	volume = {111},
	number = {2},
	doi = {10.1080/24694452.2020.1782167},
	url = {http://dx.doi.org/10.1080/24694452.2020.1782167},
	langid = {en}
}

@inproceedings{Shodeinde2018,
  title={Social Integration of internally displaced person into the community : The Role of Non governmental organization},
  author={Joseph Shodeinde and Benjamin Otabor},
  year={2018},
  url={https://api.semanticscholar.org/CorpusID:169633987}
}

@article{derrico2017,
	title = {Cross{-}country Evidence of the Relationship Between Resilience and the Subjective Perception of Well{-}being and Social Inclusion: Evidence from the Regions of Matam (Senegal) and the Triangle of Hope (Mauritania)},
	author = {{d'Errico}, Marco and Grazioli, Francesca and Pietrelli, Rebecca},
	year = {2017},
	month = {12},
	date = {2017-12-14},
	journal = {Journal of International Development},
	pages = {1339--1368},
	volume = {30},
	number = {8},
	doi = {10.1002/jid.3335},
	url = {http://dx.doi.org/10.1002/JID.3335},
	langid = {en}
}

@article{Daníelsdóttir2022,
	title = {Adverse childhood experiences and resilience among adult women: A population-based study},
	author = {{Daníelsdóttir}, {Hilda Björk} and Aspelund, Thor and Thordardottir, Edda Bjork and Fall, Katja and Fang, Fang and {Tómasson}, Gunnar and {Rúnarsdóttir}, Harpa and Yang, Qian and Choi, Karmel W and Kennedy, Beatrice and Halldorsdottir, Thorhildur and Lu, Donghao and Song, Huan and {Jakobsdóttir}, {Jóhanna} and {Hauksdóttir}, Arna and {Valdimarsdóttir}, Unnur Anna},
	year = {2022},
	month = {02},
	date = {2022-02-01},
	journal = {eLife},
	volume = {11},
	doi = {10.7554/elife.71770},
	url = {http://dx.doi.org/10.7554/eLife.71770},
	langid = {en}
}

@article{Okvat2011,
	title = {Community Gardening: A Parsimonious Path to Individual, Community, and Environmental Resilience},
	author = {Okvat, Heather A. and Zautra, Alex J.},
	year = {2011},
	month = {01},
	date = {2011-01-11},
	journal = {American Journal of Community Psychology},
	pages = {374--387},
	volume = {47},
	number = {3-4},
	doi = {10.1007/s10464-010-9404-z},
	url = {http://dx.doi.org/10.1007/s10464-010-9404-z},
	langid = {en}
}


@article{aziz2020,
	title = {Investigating relationship between psychological trait resilience and forgiveness among internally displaced persons},
	author = {Aziz, Izaddin Ahmad and {Y{\i}ld{\i}r{\i}m}, Murat},
	year = {2020},
	month = {05},
	date = {2020-05-19},
	journal = {Psychology, Community & Health},
	pages = {263--274},
	volume = {8},
	number = {1},
	doi = {10.5964/pch.v8i1.313},
	url = {http://dx.doi.org/10.5964/pch.v8i1.313}
}


@techreport{socialcohesion2018,
	title = {Social Cohesion and Forced Displacement: A Desk Review to Inform Programming and Project Design},
	author = {Joanna P. de Berry, Andrew Roberts},
	year = {2018},
	month = {06},
	date = {2018-06-01},
	publisher = {World Bank Publications},
	url = {www.worldbank.org},
	langid = {en}
}



@article{chuiko2021,
	title = {Levels of Social Integration of Internally Displaced Persons in the Host Community},
	author = {Chuiko, Olena and Fedorenko, Oleksandra},
	year = {2021},
	month = {01},
	date = {2021-01-27},
	journal = {Regional Formation and Development Studies},
	pages = {7--16},
	doi = {10.15181/rfds.v31i2.2093},
	url = {http://dx.doi.org/10.15181/rfds.v31i2.2093},
	langid = {en}
}

@article{das2016,
	title = {Conflict, Displacement, and Inequality of Opportunity},
	author = {Das, Tuhin K. and Haldar, Sushil K. and Gupta, Ivy Das and Mitra, Sudakhina},
	year = {2016},
	month = {11},
	date = {2016-11-30},
	journal = {Asian Journal of Peacebuilding},
	pages = {137--159},
	volume = {4},
	number = {2},
	doi = {10.18588/201611.00a007},
	url = {http://dx.doi.org/10.18588/201611.00a007}
}

@article{duncan2005,
	title = {Unwelcome Guests: Relations between Internally Displaced Persons and Their Hosts in North Sulawesi, Indonesia},
	author = {Duncan, C. R.},
	year = {2005},
	month = {03},
	date = {2005-03-01},
	journal = {Journal of Refugee Studies},
	pages = {25--46},
	volume = {18},
	number = {1},
	doi = {10.1093/jrs/18.1.25},
	url = {http://dx.doi.org/10.1093/jrs/18.1.25},
	langid = {en}
}

@article{hazizova2019,
	title = {Ways of Overcoming of Socio-cultural Conflicts in the Process of Integration of Internally Displaced Persons into New Territorial Communities},
	author = {Hazizova, Olena},
	year = {2019},
	date = {2019},
	journal = {Almanac of Ukrainian Studies},
	pages = {44--48},
	number = {25},
	doi = {10.17721/2520-2626/2019.25.7},
	url = {http://dx.doi.org/10.17721/2520-2626/2019.25.7},
	langid = {uk}
}

@article{hikichi2016,
	title = {Can Community Social Cohesion Prevent Posttraumatic Stress Disorder in the Aftermath of a Disaster? A Natural Experiment From the 2011 Tohoku Earthquake and Tsunami},
	author = {Hikichi, Hiroyuki and Aida, Jun and Tsuboya, Toru and Kondo, Katsunori and Kawachi, Ichiro},
	year = {2016},
	month = {03},
	date = {2016-03-29},
	journal = {American Journal of Epidemiology},
	pages = {902--910},
	volume = {183},
	number = {10},
	doi = {10.1093/aje/kwv335},
	url = {http://dx.doi.org/10.1093/aje/kwv335},
	langid = {en}
}

@article{horn2009,
	title = {Coping with displacement: problems and responses in camps for the internally displaced in Kitgum, northern Uganda1},
	author = {Horn, Rebecca},
	year = {2009},
	month = {07},
	date = {2009-07},
	journal = {Intervention},
	pages = {110--129},
	volume = {7},
	number = {2},
	doi = {10.1097/wtf.0b013e3283302714},
	url = {http://dx.doi.org/10.1097/wtf.0b013e3283302714},
	langid = {en}
}

@article{hynie2018,
	title = {Refugee integration: Research and policy.},
	author = {Hynie, Michaela},
	year = {2018},
	month = {08},
	date = {2018-08},
	journal = {Peace and Conflict: Journal of Peace Psychology},
	pages = {265--276},
	volume = {24},
	number = {3},
	doi = {10.1037/pac0000326},
	url = {http://dx.doi.org/10.1037/pac0000326},
	langid = {en}
}

@article{jamshed2019,
	title = {Building community resilience in post-disaster resettlement in Pakistan},
	author = {Jamshed, Ali and Rana, Irfan Ahmad and McMillan, Joanna M. and Birkmann, Joern},
	year = {2019},
	month = {08},
	date = {2019-08-29},
	journal = {International Journal of Disaster Resilience in the Built Environment},
	pages = {301--315},
	volume = {10},
	number = {4},
	doi = {10.1108/ijdrbe-06-2019-0039},
	url = {http://dx.doi.org/10.1108/ijdrbe-06-2019-0039},
	langid = {en}
}

@article{jayakody2022,
	title = {Approaches to Strengthen the Social Cohesion between Displaced and Host Communities},
	author = {Jayakody, Chathuranganee and Malalgoda, Chamindi and Amaratunga, Dilanthi and Haigh, Richard and Liyanage, Champika and Witt, Emlyn and Hamza, Mo and Fernando, Nishara},
	year = {2022},
	month = {03},
	date = {2022-03-14},
	journal = {Sustainability},
	pages = {3413},
	volume = {14},
	number = {6},
	doi = {10.3390/su14063413},
	url = {http://dx.doi.org/10.3390/su14063413},
	langid = {en}
}

@article{kamta2021,
	title = {A social network analysis of internally displaced communities in northeast Nigeria: potential conflicts with host communities in the Lake Chad region},
	author = {Kamta, Frederic Noel and Scheffran, {Jürgen}},
	year = {2021},
	month = {09},
	date = {2021-09-03},
	journal = {GeoJournal},
	pages = {4251--4268},
	volume = {87},
	number = {5},
	doi = {10.1007/s10708-021-10500-8},
	url = {http://dx.doi.org/10.1007/s10708-021-10500-8},
	langid = {en}
}

@article{kuhnt2019,
	title = {Social Cohesion in Times of Forced Displacement. The Perspective of Youth in Jordan},
	author = {Kuhnt, Jana and Rischke, Ramona and David, Anda and Lechtenfeld, Tobias},
	year = {2019},
	date = {2019},
	journal = {Zeitschrift für Flüchtlingsforschung},
	pages = {320--342},
	volume = {3},
	number = {2},
	doi = {10.5771/2509-9485-2019-2-320},
	url = {http://dx.doi.org/10.5771/2509-9485-2019-2-320}
}

@article{murad2020,
	title = {Barriers to leisure-time social participation and community integration among Syrian and Iraqi refugees},
	author = {Murad, Serene and Versey, H. Shellae},
	year = {2020},
	month = {12},
	date = {2020-12-24},
	journal = {Leisure Studies},
	pages = {378--391},
	volume = {40},
	number = {3},
	doi = {10.1080/02614367.2020.1862281},
	url = {http://dx.doi.org/10.1080/02614367.2020.1862281},
	langid = {en}
}

@article{mucheru2020,
	title = {FACTORS AFFECTING INTEGRATION OF RESETTLED PERSONS:  A CASE OF RONGAI LOCATION NAKURU COUNTY, KENYA},
	author = {MUCHERU, ELIZABETH WACHU and MURENGA, HADIJA and Mwangi, Samson Wokabi},
	year = {2020},
	month = {10},
	date = {2020-10-17},
	journal = {Advances in Social Sciences Research Journal},
	pages = {140--153},
	volume = {7},
	number = {10},
	doi = {10.14738/assrj.710.9052},
	url = {http://dx.doi.org/10.14738/assrj.710.9052}
}

@article{myers2024,
	title = {Forced displacement, social cohesion, and the state: Evidence from eight new studies},
	author = {Myers, Emily and Sacks, Audrey and Tellez, Juan F. and Wibbels, Erik},
	year = {2024},
	month = {01},
	date = {2024-01},
	journal = {World Development},
	pages = {106416},
	volume = {173},
	doi = {10.1016/j.worlddev.2023.106416},
	url = {http://dx.doi.org/10.1016/j.worlddev.2023.106416},
	langid = {en}
}

@article{integrat2019,
	title = {Integration of internally displaced persons of Ukraine: realities, problems, perspectives},
	year = {2019},
	date = {2019},
	journal = {Visnyk of V.N. Karazin Kharkiv National University, series Geology. Geography. Ecology},
	number = {51},
	doi = {10.26565/2410-7360-2019-51-10},
	url = {http://dx.doi.org/10.26565/2410-7360-2019-51-10}
}

@article{orach2013,
	title = {Accessibility and availability of health care services to internally displaced persons, in Kitgum and Pader districts, northern Uganda},
	author = {Orach, Christopher Garimoi and Aporomon, Juliet Faith and Musoba, Nelson and Micheal, Lukwiya},
	year = {2013},
	date = {2013},
	journal = {Health},
	pages = {1433--1442},
	volume = {05},
	number = {09},
	doi = {10.4236/health.2013.59195},
	url = {http://dx.doi.org/10.4236/health.2013.59195}
}

@article{parwak2019,
	title = {Barriers to Health among IDPs in Kabul, Afghanistan: a qualitative study},
	author = {Parwak, Yagana},
	year = {2019},
	date = {2019},
	journal = {Journal of Refugee & Global Health},
	volume = {2},
	number = {2},
	doi = {10.18297/rgh/vol2/iss2/8},
	url = {http://dx.doi.org/10.18297/rgh/vol2/iss2/8}
}

@article{roshchyk2024,
	title = {Social integration of internally displaced persons in Ukraine: Problems and challenges for governing local communities},
	author = {Roshchyk, Iryna and Bilan, Yuriy and Krol, Vita and Mishchuk, Halyna},
	year = {2024},
	month = {03},
	date = {2024-03-29},
	journal = {Problems and Perspectives in Management},
	pages = {728--740},
	volume = {22},
	number = {1},
	doi = {10.21511/ppm.22(1).2024.57},
	url = {http://dx.doi.org/10.21511/ppm.22(1).2024.57}
}

@article{solheim2005,
	title = {Patterns of community relationship: nurses, non{-}governmental organizations and internally displaced persons},
	author = {Solheim, K.},
	year = {2005},
	month = {02},
	date = {2005-02-22},
	journal = {International Nursing Review},
	pages = {60--67},
	volume = {52},
	number = {1},
	doi = {10.1111/j.1466-7657.2004.00265.x},
	url = {http://dx.doi.org/10.1111/j.1466-7657.2004.00265.x},
	langid = {en}
}

@article{tassang2023,
	title = {Social integration, solidarity, and psychological health of internally displaced persons in Cameroon: Exploring the role of community satisfaction},
	author = {Tassang, Angwi Enow and Guoqing, Shi and Akintunde, Tosin Yinka and Sayibu, Muhideen and Isangha, Stanley Oloji and Adedeji, Adekunle and Musa, Taha Hussein},
	year = {2023},
	month = {10},
	date = {2023-10},
	journal = {Heliyon},
	pages = {e20361},
	volume = {9},
	number = {10},
	doi = {10.1016/j.heliyon.2023.e20361},
	url = {http://dx.doi.org/10.1016/j.heliyon.2023.e20361},
	langid = {en}
}

@book{verme2019,
	title = {The Impact of Forced Displacement on Host Communities: A Review of the Empirical Literature in Economics},
	author = {Verme, Paolo and Schuettler, Kirsten},
	year = {2019},
	month = {02},
	date = {2019-02},
	publisher = {World Bank, Washington, DC},
	doi = {10.1596/1813-9450-8727},
	url = {http://dx.doi.org/10.1596/1813-9450-8727},
	langid = {en}
}

@article{wang2020,
	title = {Perceived discrimination of displaced people in development-induced displacement and resettlement: The role of integration},
	author = {Wang, Yang and Feng, Yining and Han, Qi and Zuo, Jian and Rameezdeen, Raufdeen},
	year = {2020},
	month = {06},
	date = {2020-06},
	journal = {Cities},
	pages = {102692},
	volume = {101},
	doi = {10.1016/j.cities.2020.102692},
	url = {http://dx.doi.org/10.1016/j.cities.2020.102692},
	langid = {en}
}

@article{orach2009,
	title = {Perceptions about human rights, sexual and reproductive health services by internally displaced persons in northern Uganda},
	author = {Orach, C. G. and Musoba, N. and Byamukama, N. and Mutambi, R. and Aporomon, J. F. and Luyombo, A. and Rostedt, A.},
	year = {2009},
	month = {10},
	date = {2009-10},
	journal = {African Health Sciences},
	pages = {S72--80},
	volume = {9 Suppl 2},
	number = {Suppl 2},
	note = {PMID: 20589110
PMCID: PMC2877287},
	langid = {eng}
}

@inproceedings{mujeeb2012,
	title = {Resilience, Stress, Anxiety and Depression among Internally Displaced Persons Affected by Armed Conflict},
	author = {Mujeeb, Arooj and Zubair, Aisha},
	year = {2012},
	month = {06},
	date = {2012-06-01},
	url = {https://www.semanticscholar.org/paper/Resilience%2C-Stress%2C-Anxiety-and-Depression-among-by-Mujeeb-Zubair/b948f8e2dde442dc64d2d27b4e88749355dc445e}
}

@article{almedom2005,
	title = {Prolonged displacement may compromise resilience in Eritrean mothers},
	author = {Almedom, Astier and Tesfamichael, Berhe and Mohammed, Zein and Mascie-Taylor, Nick and Muller, Jocelyn and Alemu, Zemui},
	year = {2005},
	month = {12},
	date = {2005-12},
	journal = {African health sciences},
	pages = {310--314},
	volume = {5},
	number = {4},
	url = {https://www.ncbi.nlm.nih.gov/pmc/articles/PMC1831946/},
	note = {PMID: 16615841
PMCID: PMC1831946}
}



@article{ciliska,
	title = {A Compendium of Critical Appraisal Tools for Public Health Practice},
	author = {Ciliska, Donna and Thomas, Helen and Buffett, Cathy},
	langid = {en}
}

@article{abedtalas2023,
	title = {Host Community Attitudes Towards Internally Displaced Persons: Evidence from Al-Bab, Syria},
	author = {Abedtalas, Musallam and Mamo, Adnan Rashid},
	year = {2023},
	month = {01},
	date = {2023-01-19},
	journal = {Journal of Social and Development Sciences},
	pages = {1--10},
	volume = {13},
	number = {4(S)},
	doi = {10.22610/jsds.v13i4(s).3325},
	url = {http://dx.doi.org/10.22610/jsds.v13i4(S).3325}
}


@article{Ekezie2020,
	title = {Essential healthcare services provided to conflict-affected internallydisplaced populations in low and middle-income countries: A systematicreview},
	author = {Ekezie, Winifred and Adaji, Enemona Emmanuel and Murray, Rachael L},
	year = {2020},
	month = {01},
	date = {2020-01-28},
	journal = {Health Promotion Perspectives},
	pages = {24--37},
	volume = {10},
	number = {1},
	doi = {10.15171/hpp.2020.06},
	url = {http://dx.doi.org/10.15171/hpp.2020.06},
	langid = {en}
}

@article{bulbulsiddiqi2022,
	title = {Challenges and dilemmas of social cohesion between the Rohingya and host communities in Bangladesh},
	author = {Bulbul Siddiqi, },
	year = {2022},
	month = {08},
	date = {2022-08-31},
	journal = {Frontiers in human dynamics},
	volume = {4},
	doi = {10.3389/fhumd.2022.944601},
	note = {DOI: 10.3389/fhumd.2022.944601
MAG ID: 4293767607
S2ID: 2be6ef099d841a2301a4a431d28271fcfa8702d7}
}


@techreport{sudaniom2024,
	title = {DTM DTM Sudan - Monthly Displacement Overview (08)},
	author = {International Organization for Migration (IOM), },
	year = {2024},
	month = {04},
	publisher = {IOM, Sudan},
	date = {2024-04-30},
	url = {https://dtm.iom.int/reports/dtm-sudan-monthly-displacement-overview-08}
}

@techreport{sudaniomsitrep2024,
	title = { DTM DTM Sudan Weekly Displacement Snapshot 28},
	author = {International Organization for Migration (IOM), },
	year = {2024},
	month = {04},
	publisher = {IOM, Sudan},
	date = {2024-04-23},
	url = {https://dtm.iom.int/reports/dtm-sudan-weekly-displacement-snapshot-28}
}

@article{knitr,
	title = {knitr: A General-Purpose Package for Dynamic Report Generation in R},
	author = {Xie, Yihui},
	year = {2023},
	date = {2023},
	url = {https://yihui.org/knitr/}
}

@article{rmarkdown,
	title = {rmarkdown: Dynamic Documents for R},
	author = {Allaire, JJ and Xie, Yihui and Dervieux, Christophe and McPherson, Jonathan and Luraschi, Javier and Ushey, Kevin and Atkins, Aron and Wickham, Hadley and Cheng, Joe and Chang, Winston and Iannone, Richard},
	year = {2023},
	date = {2023},
	url = {https://github.com/rstudio/rmarkdown}
}

@misc{howilo2022,
	title = {How ILO Programmes Contribute to Social Cohesion between Refugees, IDPs and Host Communities in the Arab States Region},
	author = {International labor organization, },
	year = {2022},
	month = {08},
	date = {2022-08-28},
	url = {http://www.ilo.org/beirut/publications/WCMS_854504/lang--en/index.htm},
	langid = {en}
}

@article{delhey2018,
	title = {Social Cohesion and Its Correlates: A Comparison of Western and Asian Societies},
	author = {Delhey, Jan and Boehnke, Klaus and Dragolov, Georgi and {Ignácz}, {Zsófia} and Larsen, Mandi and Lorenz, Jan and Koch, Michael},
	year = {2018},
	month = {06},
	date = {2018-06-14},
	journal = {Comparative Sociology},
	pages = {426--455},
	volume = {17},
	doi = {10.1163/15691330-12341468}
}

@article{schiefer2017,
	title = {The Essentials of Social Cohesion: A Literature Review},
	author = {Schiefer, David and Van Der Noll, Jolanda},
	year = {2017},
	month = {06},
	date = {2017-06},
	journal = {Social Indicators Research},
	pages = {579--603},
	volume = {132},
	number = {2},
	doi = {10.1007/s11205-016-1314-5},
	url = {http://link.springer.com/10.1007/s11205-016-1314-5},
	langid = {en}
}


@article{macisaac2023,
	title = {What holds us together? Measuring dimensions of social cohesion in Canada},
	author = {MacIsaac, Samuel and Wavrock, David and Schellenberg, Grant},
	year = {2023},
	date = {2023},
	journal = {Statistical Journal of the IAOS},
	pages = {1--16},
	volume = {Preprint},
	number = {Preprint},
	doi = {10.3233/SJI-230055},
	note = {Publisher: IOS Press}
}

@book{jenson2010,
	title = {Defining and Measuring Social Cohesion},
	author = {Jenson, Jane},
	year = {2010},
	month = {10},
	date = {2010-10-25},
	publisher = {Commonwealth Secretariat},
	series = {Social Policies in Small States},
	doi = {10.14217/9781848590724-en},
	url = {https://www.thecommonwealth-ilibrary.org/index.php/comsec/catalog/book/322},
	note = {DOI: 10.14217/9781848590724-en},
	langid = {en}
}

@misc{establis,
	title = {Establishing Social Cohesion between Displaced Persons and Their Host Communities in Sila Region: Empowering and Rebuilding Communities with Multi-Sectoral Initiatives in Post-Conflict Chad for a Sustainable Change {\textendash} The Human Security Unit},
	url = {https://www.un.org/humansecurity/hsprogramme/establishing-social-cohesion-between-displaced-persons-and-their-host-communities-in-sila-region-empowering-and-rebuilding-communities-with-multi-sectoral-initiatives-in-post-conflict-chad-for-a-sust/}
}

@techreport{colombia2011,
	title = {Colombia report 2011 - humanitarian action},
	author = {ICRC,},
	year = {2012},
	month = {04},
	date = {2012-04-18},
	url = {https://www.icrc.org/en/doc/resources/documents/feature/2012/colombia-report-2012-04-18.htm}
}

@article{marise,
	title = {Social Cohesion in Nineveh – An Assessment},
	author = {Norwegian Church Aid and Church of Sweden},
	year = {2019},
	publisher = {Oslo and Uppsala. Norwegian Church Aid and Church of Sweden},
	langid = {en}
}

@misc{sudan,
	title = {Sudan},
	author = {European Commission, },
	url = {https://civil-protection-humanitarian-aid.ec.europa.eu/where/africa/sudan_en},
	year = {2024},
	date = {2024-04-10},
	langid = {en}
}


@techreport{sudancr,
	title = {Sudan Crisis Explained},
	author = {unrefugees, },
	year = {2024},
	date = {2024-04-15},
	url = {https://www.unrefugees.org/news/sudan-crisis-explained/}
}

@techreport{unicefs2023,
	title = {UNICEF Sudan Humanitarian Situation Report: 6 July 2023 - Sudan},
	author = {ReliefWeb, },
	year = {2023},
	month = {07},
	date = {2023-07-09},
	url = {https://reliefweb.int/report/sudan/unicef-sudan-humanitarian-situation-report-6-july-2023},
	langid = {en}
}


@misc{sudan:h2023,
	title = {Sudan: Humanitarian Update, 28 July 2023 - Sudan | ReliefWeb},
	year = {2023},
	month = {07},
	date = {2023-07-28},
	url = {https://reliefweb.int/report/sudan/sudan-humanitarian-update-28-july-2023},
	langid = {en}
}

@misc{sudan_situation,
	title = {Sudan | Situation Reports},
	url = {https://reports.unocha.org/en/country/sudan/}
}

@book{oecd2011,
	title = {Perspectives on Global Development 2012: Social Cohesion in a Shifting World},
	author = {OECD, },
	year = {2011},
	month = {11},
	date = {2011-11-18},
	publisher = {OECD},
	series = {Perspectives on Global Development},
	doi = {10.1787/persp_glob_dev-2012-en},
	url = {https://www.oecd-ilibrary.org/development/perspectives-on-global-development-2012_persp_glob_dev-2012-en},
	note = {DOI: 10.1787/persp{\_}glob{\_}dev-2012-en},
	langid = {en}
}


@misc{sudan_situation,
	title = {Sudan | Situation Reports},
	url = {https://reports.unocha.org/en/country/sudan/}
}

@techreport{socialc2023,
	title = {Social Cohesion and Forced Displacement: A Synthesis of New Research},
	author = {World bank group, },
	year = {2023},
	date = {2023},
	publisher = {World Bank Publications},
	doi = {10.1596/38431},
	url = {www.worldbank.org},
	note = {DOI: 10.1596/38431
S2ID: 4bdade9b49732d6044138f5983409864df1e9ecd}
}

@article{moustakas2023,
	title = {Social Cohesion: Definitions, Causes and Consequences},
	author = {Moustakas, Louis},
	year = {2023},
	month = {08},
	date = {2023-08-29},
	journal = {Encyclopedia},
	pages = {1028--1037},
	volume = {3},
	number = {3},
	doi = {10.3390/encyclopedia3030075},
	url = {http://dx.doi.org/10.3390/encyclopedia3030075},
	langid = {en}
}



@misc{ferragamo2024,
	title = {What Is the Extent of Sudan{\textquoteright}s Humanitarian Crisis?},
	author = {Ferragamo, Mariel and Roy, Diana},
	year = {2024},
	month = {07},
	date = {2024-07-26},
	url = {https://www.cfr.org/in-brief/what-extent-sudans-humanitarian-crisis},
	langid = {en}
}


@misc{Kao2024,
	title = {Social Cohesion for Peacebuilding An Examination of Theory and Practice},
	author = {Hsin-Yen Kao},
	year = {2024},
	month = {04},
	date = {2024-01-01},
	url = {https://www.graduateinstitute.ch/sites/internet/files/2024-01/ARP%20-%20Hsin-Yen%20Kao.pdf},
	langid = {en}
}


@article{davies2012,
	title = {IDPs in Host Families and Host Communities: Assistance for hosting arrangements},
	author = {Davies, Anne},
	year = {2012},
	month = {04},
	date = {2012-04},
	journal = {Division of International Protection Protection Operational Support},
	langid = {en}
}

@article{tassang2023a,
	title = {Social integration, solidarity, and psychological health of internally displaced persons in Cameroon: Exploring the role of community satisfaction},
	author = {Tassang, Angwi Enow and Guoqing, Shi and Akintunde, Tosin Yinka and Sayibu, Muhideen and Isangha, Stanley Oloji and Adedeji, Adekunle and Musa, Taha Hussein},
	year = {2023},
	month = {10},
	date = {2023-10},
	journal = {Heliyon},
	pages = {e20361},
	volume = {9},
	number = {10},
	doi = {10.1016/j.heliyon.2023.e20361},
	url = {http://dx.doi.org/10.1016/j.heliyon.2023.e20361},
	langid = {en}
}

@article{musich2022,
	title = {The Association of Increasing Resilience with Positive Health Outcomes and Quality of Life Among Older Adults},
	author = {Musich, Shirley and Wang, Shaohung and Schaeffer, James and Kraemer, Sandra and Wicker, Ellen and Yeh, Charlotte},
	year = {2022},
	month = {04},
	date = {2022-04},
	journal = {The American Journal of Geriatric Psychiatry},
	pages = {S70--S71},
	volume = {30},
	number = {4},
	doi = {10.1016/j.jagp.2022.01.065},
	url = {http://dx.doi.org/10.1016/j.jagp.2022.01.065},
	langid = {en}
}

@article{wells2009,
	title = {Resilience in Rural Community{-}Dwelling Older Adults},
	author = {Wells, Margaret},
	year = {2009},
	month = {09},
	date = {2009-09},
	journal = {The Journal of Rural Health},
	pages = {415--419},
	volume = {25},
	number = {4},
	doi = {10.1111/j.1748-0361.2009.00253.x},
	url = {http://dx.doi.org/10.1111/j.1748-0361.2009.00253.x},
	langid = {en}
}

@article{färber2018,
	title = {The Association Between Resilience and Mental Health in the Somatically Ill},
	author = {{Färber}, Francesca and Rosendahl, Jenny},
	year = {2018},
	month = {09},
	date = {2018-09-21},
	journal = {Deutsches Ärzteblatt international},
	doi = {10.3238/arztebl.2018.0621},
	url = {http://dx.doi.org/10.3238/arztebl.2018.0621}
}

@article{vanschrojensteinlantman2017,
	title = {Mental resilience, perceived immune functioning, and health},
	author = {van Schrojenstein Lantman, Marith and Mackus, Marlou and Otten, Leila and de Kruijff, Deborah and van de Loo, Aurora and Kraneveld, Aletta and Garssen, Johan and Verster, Joris},
	year = {2017},
	month = {03},
	date = {2017-03},
	journal = {Journal of Multidisciplinary Healthcare},
	pages = {107--112},
	volume = {Volume 10},
	doi = {10.2147/jmdh.s130432},
	url = {http://dx.doi.org/10.2147/JMDH.S130432},
	langid = {en}
}

@article{stewart2011,
	title = {A Systematic Review of Resilience in the Physically Ill},
	author = {Stewart, Donna E. and Yuen, Tracy},
	year = {2011},
	month = {05},
	date = {2011-05},
	journal = {Psychosomatics},
	pages = {199--209},
	volume = {52},
	number = {3},
	doi = {10.1016/j.psym.2011.01.036},
	url = {http://dx.doi.org/10.1016/j.psym.2011.01.036},
	langid = {en}
}

@article{helliwell2004,
	title = {The social context of well{\textendash}being},
	author = {Helliwell, John F. and Putnam, Robert D.},
	editor = {Huppert, F. A. and Baylis, N. and Keverne, B.},
	year = {2004},
	month = {09},
	date = {2004-09-29},
	journal = {Philosophical Transactions of the Royal Society of London. Series B: Biological Sciences},
	pages = {1435--1446},
	volume = {359},
	number = {1449},
	doi = {10.1098/rstb.2004.1522},
	url = {http://dx.doi.org/10.1098/RSTB.2004.1522},
	langid = {en}
}

@article{butu2023,
	title = {Perceptions Of Insecurity And Social Cohesion In Building Resilience Among Residents In North-East Nigeria},
	author = {Butu, Hauwa Mai and Hassan, Mohammad Mujaheed and Hashim, Ahmad Hariza and Ahmad, Nobaya},
	year = {2023},
	month = {12},
	date = {2023-12-23},
	journal = {International Journal of Academic Research in Business and Social Sciences},
	volume = {13},
	number = {12},
	doi = {10.6007/ijarbss/v13-i12/20409},
	url = {http://dx.doi.org/10.6007/ijarbss/v13-i12/20409},
	langid = {en}
}

@article{salah2012,
	title = {The mental health of internally displaced persons: An epidemiological study of adults in two settlements in Central Sudan},
	author = {Salah, Tarig Taha Mohamed and Abdelrahman, Abdallah and Lien, Lars and Eide, Arne Henning and Martinez, Priscilla and Hauff, Edvard},
	year = {2012},
	month = {09},
	date = {2012-09-13},
	journal = {International Journal of Social Psychiatry},
	pages = {782--788},
	volume = {59},
	number = {8},
	doi = {10.1177/0020764012456810},
	url = {http://dx.doi.org/10.1177/0020764012456810},
	langid = {en}
}

@article{lin2016,
	title = {Association between Social Integration and Health among Internal Migrants in ZhongShan, China},
	author = {Lin, Yanwei and Zhang, Qi and Chen, Wen and Shi, Jingrong and Han, Siqi and Song, Xiaolei and Xu, Yong and Ling, Li},
	editor = {He, Na},
	year = {2016},
	month = {02},
	date = {2016-02-10},
	journal = {PLOS ONE},
	pages = {e0148397},
	volume = {11},
	number = {2},
	doi = {10.1371/journal.pone.0148397},
	url = {http://dx.doi.org/10.1371/journal.pone.0148397},
	langid = {en}
}

@article{Ngwu2023InternallyDP,
  title={Internally Displaced Persons’ Experiences and the Predictors of Social Support and Adjustment to Displacement in Northeast Nigeria: A Mixed-Method Study},
  author={Christopher Ndubisi Ngwu and Anthony Obinna Iwuagwu and Nkechi Onah and Fabian Nnadi and Micheal Ebe Kalu and Chinenye Callista Ugwuanyi and Christopher N. Ibenwa},
  journal={Journal of Immigrant \& Refugee Studies},
  year={2023},
  url={https://api.semanticscholar.org/CorpusID:264800591}
}

@article{eades2013,
	title = {Resilience and Refugees: From Individualised Trauma to Post Traumatic Growth},
	author = {Eades, David},
	year = {2013},
	month = {08},
	date = {2013-08-28},
	journal = {M/C Journal},
	volume = {16},
	number = {5},
	doi = {10.5204/mcj.700},
	url = {http://dx.doi.org/10.5204/mcj.700}
}

@article{doma2022,
	title = {Understanding the relationship between social support and mental health of humanitarian migrants resettled in Australia},
	author = {Doma, Hemavarni and Tran, Thach and Rioseco, Pilar and Fisher, Jane},
	year = {2022},
	month = {09},
	date = {2022-09-13},
	journal = {BMC Public Health},
	volume = {22},
	number = {1},
	doi = {10.1186/s12889-022-14082-z},
	url = {http://dx.doi.org/10.1186/s12889-022-14082-z},
	langid = {en}
}

@article{scott2014,
	title = {Influences of sex, age and education on attitudes towards gender inequitable norms and practices in South Sudan},
	author = {Scott, Jennifer and Hacker, Michele and Averbach, Sarah and Modest, Anna M. and Cornish, Sarah and Spencer, Danielle and Murphy, Maureen and Parmar, Parveen},
	year = {2014},
	month = {07},
	date = {2014-07-15},
	journal = {Global Public Health},
	pages = {773--786},
	volume = {9},
	number = {7},
	doi = {10.1080/17441692.2014.928347},
	url = {http://dx.doi.org/10.1080/17441692.2014.928347},
	langid = {en}
}

@article{srivarathan2022,
	title = {The association between social integration and neighborhood dissatisfaction and unsafety: a cross-sectional survey study among social housing residents in Denmark},
	author = {Srivarathan, Abirami and Kristiansen, Maria and {Jørgensen}, {Terese Sara Høj} and Lund, Rikke},
	year = {2022},
	month = {08},
	date = {2022-08-12},
	journal = {Archives of Public Health},
	volume = {80},
	number = {1},
	doi = {10.1186/s13690-022-00945-9},
	url = {http://dx.doi.org/10.1186/s13690-022-00945-9},
	langid = {en}
}

@article{andrews2014,
	title = {Economic Strain and Perceptions of Social Cohesion in Europe: Does Institutional Trust Matter?},
	author = {Andrews, Rhys and Jilke, Sebastian and Van de Walle, Steven},
	year = {2014},
	journal = {European Journal of Political Research},
	volume = {53},
	number = {3},
	pages = {559--579},
	langid = {en},
	SSRN = {https://ssrn.com/abstract=2380312}
}

@article{ludin2018,
	title = {The association between social cohesion and community disaster resilience: A cross{-}sectional study},
	author = {Ludin, Salizar M. and Rohaizat, Munirah and Arbon, Paul},
	year = {2018},
	month = {10},
	date = {2018-10-21},
	journal = {Health & Social Care in the Community},
	pages = {621--631},
	volume = {27},
	number = {3},
	doi = {10.1111/hsc.12674},
	url = {http://dx.doi.org/10.1111/hsc.12674},
	langid = {en}
}


@article{jacobs2017,
	title = {Justice Needs, Strategies, and Mechanisms for the Displaced: Reviewing the Evidence},
	author = {Jacobs, Carolien},
	year = {2017},
	month = {07},
	date = {2017-07-12},
	publisher = {Social Science Research Council},
	url = {https://www.ssrc.org/publications/justice-needs-strategies-and-mechanisms-for-the-displaced-reviewing-the-evidence/},
	langid = {en}
}
@article{ngamaba2017,
	title = {How strongly related are health status and subjective well-being? Systematic review and meta-analysis},
	author = {Ngamaba, Kayonda Hubert and Panagioti, Maria and Armitage, Christopher J.},
	year = {2017},
	month = {07},
	date = {2017-07-02},
	journal = {European Journal of Public Health},
	pages = {879--885},
	volume = {27},
	number = {5},
	doi = {10.1093/eurpub/ckx081},
	url = {http://dx.doi.org/10.1093/eurpub/ckx081},
	langid = {en}
}

@article{ross2002,
	title = {Community belonging and health},
	author = {Nancy Ross, },
	year = {2002},
	date = {2002},
	pages = {33--39},
	volume = {13},
	number = {5},
	journal = {Health reports},
	url = {https://www.ssrc.org/publications/justice-needs-strategies-and-mechanisms-for-the-displaced-reviewing-the-evidence/},
	langid = {en}
}

@article{Kouadio2012,
  title={[Military and political crises and the psycho-physical health of internally displaced persons (IDPs): the case of C{\^o}te d'Ivoire].},
  author={Kouakou J{\'e}r{\^o}me Kouadio and Jean Bertin Beugr{\'e} and K. Djaha and K. H. G. Sonan},
  journal={Sante publique},
  year={2012},
  month = {06},
  date = {2012-06-08},
  volume={24 Spec No},
  pages={77-89},
  url={https://api.semanticscholar.org/CorpusID:21370006}
}

@article{rlang,
	title = {rlang: Functions for Base Types and Core R and 'Tidyverse' Features},
	author = {Henry, Lionel and Wickham, Hadley},
	year = {2024},
	date = {2024},
	url = {https://CRAN.R-project.org/package=rlang}
}


